@misc{mdn_audio_api,
    author = {Mozilla},
    month = {05},
    organization = {MDN Web Docs},
    title = {Web Audio API},
    url = {https://developer.mozilla.org/en-US/docs/Web/API/Web_Audio_API},
    urldate = {2022-10-15},
    year = {2019},
    bdsk-url-1 = {https://developer.mozilla.org/en-US/docs/Web/API/Web_Audio_API} }

@misc{w3c_audio_api,
    author = {W3C},
    month = {06},
    organization = {www.w3.org},
    title = {Web Audio API},
    url = {https://www.w3.org/TR/webaudio/},
    urldate = {2022-10-15},
    year = {2021},
    bdsk-url-1 = {https://www.w3.org/TR/webaudio/} }

@article{gerzon_periphony,
    title = {Periphony: With-height sound reproduction},
    author = {Gerzon, Michael A},
    journal = {Journal of the audio engineering society},
    volume = {21},
    number = {1},
    pages = {2--10},
    year = {1973},
    publisher = {Audio Engineering Society},
    url = {http://www.aes.org/e-lib/browse.cfm?elib=2012},
}

@article{noisternig_ambisonic,
    author = {Noisternig, Markus and Sontacchi, Alois and Musil, Thomas and Höldrich, Robert},
    year = {2012},
    month = {January},
    title = {A 3D ambisonic based binaural sound reproduction system},
    journal = {Advances in Engineering Software}
}

@article{3d_tune_in,
    author = {Mar{\'\i}a Cuevas-Rodr{\'\i}guez and Lorenzo Picinali and Daniel Gonz{\'a}lez-Toledo and Carlos Garre and Ernesto de la Rubia-Cuestas and Luis Molina-Tanco and Arcadio Reyes-Lecuona},
    date-added = {2022-10-16 14:21:21 +0100},
    date-modified = {2022-10-16 14:30:51 +0100},
    doi = {doi:10.1371/journal.pone.0211899},
    journal = {PLoS ONE},
    keywords = {Reverberation, Convolution, Interpolation, Ears, Acoustic signals, Audio signal processing, Signal filtering, Open source software},
    month = {March},
    number = {3},
    title = {3D Tune-In Toolkit: An open-source library for real-time binaural spatialisation},
    url = {https://doi.org/10.1371/journal.pone.0211899},
    volume = {14},
    year = {2019} }

@book{blauert_spatial_hearing,
    author = {Jens Blauert and John S. Allen},
    date-added = {2022-10-16 13:59:06 +0100},
    date-modified = {2022-10-16 14:17:57 +0100},
    edition = {Revised},
    isbn = {9780262024136},
    publisher = {MIT Press},
    title = {Spatial Hearing: the {P}sychophysics of {H}uman {S}ound {L}ocalization},
    year = {1997}
}

@inproceedings{cc_overview,
    address = {Berlin, Heidelberg},
    author = {Qian, Ling and Luo, Zhiguo and Du, Yujian and Guo, Leitao},
    booktitle = {Cloud Computing},
    date-modified = {2022-10-16 15:18:32 +0100},
    editor = {Jaatun, Martin Gilje and Zhao, Gansen and Rong, Chunming},
    isbn = {978-3-642-10665-1},
    pages = {626--631},
    publisher = {Springer Berlin Heidelberg},
    title = {Cloud Computing: An Overview},
    year = {2009}
}

@inproceedings{cc_challenges,
    author = {Dillon, Tharam and Wu, Chen and Chang, Elizabeth},
    booktitle = {2010 24th IEEE International Conference on Advanced Information Networking and Applications},
    title = {Cloud Computing: Issues and Challenges},
    year = {2010},
    pages = {27-33},
    doi = {10.1109/AINA.2010.187}
}

@INPROCEEDINGS{webrtc,
    author={Ünver, Alp and Kheibari, Bita and Sayıt, Müge},
    booktitle={2020 28th Signal Processing and Communications Applications Conference (SIU)},
    title={A WebRTC Architecture Assisted by Software Deﬁned Networks},
    year={2020},
    volume={},number={},
    pages={1-4},
    doi={10.1109/SIU49456.2020.9302042}
}